<record><leader>00000cas a22000007a 4500</leader><controlfield tag="001">38562078</controlfield><controlfield tag="008">980306d19881993sdudn ne      0   a0eng d</controlfield><datafield ind1=" " ind2=" " tag="010"><subfield code="a">sn 98069008 </subfield></datafield><datafield ind1=" " ind2=" " tag="040"><subfield code="a">SXN</subfield><subfield code="b">eng</subfield><subfield code="c">SXN</subfield><subfield code="d">OCLCQ</subfield><subfield code="d">OCLCF</subfield><subfield code="d">OCLCO</subfield></datafield><datafield ind1="1" ind2=" " tag="029"><subfield code="a">AU@</subfield><subfield code="b">000013798272</subfield></datafield><datafield ind1=" " ind2=" " tag="042"><subfield code="a">msc</subfield></datafield><datafield ind1=" " ind2=" " tag="043"><subfield code="a">n-us-sd</subfield></datafield><datafield ind1="0" ind2=" " tag="130"><subfield code="a">Lead daily call, Deadwood pioneer times (Lead, S.D. : 1988)</subfield></datafield><datafield ind1="1" ind2="0" tag="245"><subfield code="a">Lead daily call, Deadwood pioneer times.</subfield></datafield><datafield ind1="1" ind2="7" tag="246"><subfield code="a">Lawrence County newspapers</subfield></datafield><datafield ind1=" " ind2=" " tag="260"><subfield code="a">Lead, S.D. :</subfield><subfield code="b">Seaton Pub. Co.</subfield></datafield><datafield ind1=" " ind2=" " tag="300"><subfield code="a">v.</subfield></datafield><datafield ind1=" " ind2=" " tag="310"><subfield code="a">Daily (except Sat. and Sun.),</subfield><subfield code="b">Oct. 23, 1989-1993</subfield></datafield><datafield ind1=" " ind2=" " tag="321"><subfield code="a">Daily (except Sun. and Mon.),</subfield><subfield code="b">1988-Oct. 20, 1989</subfield></datafield><datafield ind1="0" ind2=" " tag="362"><subfield code="a">Vol. 112, no. 190 (Apr. 2, 1988)-v. 99, no. 252 (Aug. 6, 1993).</subfield></datafield><datafield ind1=" " ind2=" " tag="515"><subfield code="a">Vol. and issue numbering irregular.</subfield></datafield><datafield ind1=" " ind2=" " tag="530"><subfield code="a">Available on microfilm from: State Archives, South Dakota State Historical Society.</subfield></datafield><datafield ind1=" " ind2=" " tag="580"><subfield code="a">Weekend ed.: Black Hills pioneer (Deadwood, S.D. : 1989), Oct. 21, 1989-1993.</subfield></datafield><datafield ind1=" " ind2="0" tag="651"><subfield code="a">Lead (S.D.)</subfield><subfield code="v">Newspapers.</subfield></datafield><datafield ind1=" " ind2="0" tag="651"><subfield code="a">Deadwood (S.D.)</subfield><subfield code="v">Newspapers.</subfield></datafield><datafield ind1=" " ind2="0" tag="651"><subfield code="a">Lawrence County (S.D.)</subfield><subfield code="v">Newspapers.</subfield></datafield><datafield ind1=" " ind2="7" tag="655"><subfield code="a">Newspapers.</subfield><subfield code="2">fast</subfield><subfield code="0">(OCoLC)fst01423814</subfield></datafield><datafield ind1=" " ind2="7" tag="651"><subfield code="a">South Dakota</subfield><subfield code="z">Deadwood.</subfield><subfield code="2">fast</subfield><subfield code="0">(OCoLC)fst01209401</subfield></datafield><datafield ind1=" " ind2="7" tag="651"><subfield code="a">South Dakota</subfield><subfield code="z">Lawrence County.</subfield><subfield code="2">fast</subfield><subfield code="0">(OCoLC)fst01209432</subfield></datafield><datafield ind1=" " ind2="7" tag="651"><subfield code="a">South Dakota</subfield><subfield code="z">Lead.</subfield><subfield code="2">fast</subfield><subfield code="0">(OCoLC)fst01220327</subfield></datafield><datafield ind1=" " ind2=" " tag="752"><subfield code="a">United States</subfield><subfield code="b">South Dakota</subfield><subfield code="c">Lawrence</subfield><subfield code="d">Lead.</subfield></datafield><datafield ind1="1" ind2=" " tag="775"><subfield code="t">Black Hills pioneer (Deadwood, S.D. : 1989)</subfield><subfield code="w">(DLC)sn</subfield></datafield><datafield ind1="0" ind2="0" tag="780"><subfield code="t">Deadwood pioneer times, Lead daily call</subfield><subfield code="w">(DLC)sn 98069007</subfield><subfield code="w">(OCoLC)38562235</subfield></datafield><datafield ind1="0" ind2="4" tag="785"><subfield code="t">Black Hills pioneer (Deadwood, S.D. : 1989)</subfield><subfield code="w">(DLC)sn 92002500</subfield><subfield code="w">(OCoLC)21928320</subfield></datafield></record>